Timestamp,Bar,Action,Direction,Price,Quantity,Notes
2025-11-21 01:51:00,101,ENTRY,LONG,24152.75,1,EnterLong_Bar1|ATR=10.59|ADX=18.80|RSI=58.5|MACDH=-0.371|BW=0.0002|Accel=2.0064|GradStab=1.5704|VOL=1|VPM=2.00
2025-11-21 01:52:00,103,EXIT,LONG,24140.50,1,VALIDATION_FAILED:FastGrad<=-1.0808(need>0.15)|ATR=10.87|ADX=16.52|RSI=50.6|MACDH=-2.139|BW=0.0001|Accel=0.4574|GradStab=1.7080|VOL=1|VPM=2.00
2025-11-21 05:22:30,524,ENTRY,LONG,24175.25,1,EnterLong_Bar1|ATR=6.63|ADX=17.27|RSI=49.6|MACDH=0.210|BW=0.0001|Accel=0.0541|GradStab=0.7190|VOL=1|VPM=2.00
2025-11-21 05:25:00,529,EXIT,LONG,24179.50,1,VALIDATION_FAILED:FastGrad<=-0.2156(need>0.15)|ATR=6.84|ADX=18.22|RSI=50.9|MACDH=1.309|BW=0.0001|Accel=-1.8612|GradStab=1.0881|VOL=1|VPM=2.00
2025-11-21 05:26:30,532,ENTRY,LONG,24182.75,1,EnterLong_Bar1|ATR=6.96|ADX=15.36|RSI=54.2|MACDH=0.731|BW=0.0001|Accel=1.0959|GradStab=0.9491|VOL=1|VPM=2.00
2025-11-21 05:31:00,541,EXIT,LONG,24185.25,1,VALIDATION_FAILED:FastGrad<=-0.1085(need>0.15)|ATR=5.85|ADX=17.21|RSI=53.3|MACDH=0.064|BW=0.0001|Accel=-0.3951|GradStab=0.3440|VOL=1|VPM=2.00
2025-11-21 07:12:00,743,ENTRY,LONG,24179.75,1,EnterLong_Bar1|ATR=9.56|ADX=23.67|RSI=56.6|MACDH=-1.111|BW=0.0001|Accel=0.5503|GradStab=0.7395|VOL=1|VPM=2.00
2025-11-21 07:20:30,760,EXIT,LONG,24184.50,1,VALIDATION_FAILED:FastGrad<=-1.6786(need>0.15)|ATR=7.91|ADX=34.36|RSI=48.2|MACDH=-1.805|BW=0.0001|Accel=-1.9704|GradStab=0.9256|VOL=1|VPM=2.00
2025-11-21 09:17:00,993,ENTRY,LONG,24169.00,1,EnterLong_Bar1|ATR=7.07|ADX=20.47|RSI=49.7|MACDH=-0.247|BW=0.0001|Accel=1.6072|GradStab=0.5809|VOL=1|VPM=2.00
2025-11-21 09:20:30,1000,EXIT,LONG,24173.50,1,VALIDATION_FAILED:FastGrad<=-0.7244(need>0.15)|ATR=8.53|ADX=20.63|RSI=49.6|MACDH=1.001|BW=0.0001|Accel=-2.5208|GradStab=1.2215|VOL=1|VPM=2.00
2025-11-21 09:58:30,1076,ENTRY,SHORT,24077.25,1,EnterShort_Bar1|ATR=11.43|ADX=33.27|RSI=36.1|MACDH=1.766|BW=0.0004|Accel=-1.1251|GradStab=1.2076|VOL=1|VPM=2.00
2025-11-21 10:00:30,1080,EXIT,SHORT,24080.00,1,VALIDATION_FAILED:FastGrad>=0.0858(need<-0.15)|ATR=10.86|ADX=31.37|RSI=39.9|MACDH=2.628|BW=0.0003|Accel=0.2486|GradStab=0.9901|VOL=1|VPM=2.00
2025-11-21 11:28:30,1256,ENTRY,SHORT,24125.50,1,EnterShort_Bar1|ATR=11.30|ADX=45.88|RSI=38.6|MACDH=0.788|BW=0.0004|Accel=-0.7031|GradStab=1.1895|VOL=1|VPM=2.00
2025-11-21 11:30:30,1260,EXIT,SHORT,24133.25,1,VALIDATION_FAILED:FastGrad>=1.1158(need<-0.15)|ATR=10.85|ADX=42.08|RSI=45.9|MACDH=2.562|BW=0.0003|Accel=1.7419|GradStab=1.4576|VOL=1|VPM=2.00
2025-11-21 12:15:30,1350,ENTRY,SHORT,23968.00,1,EnterShort_Bar1|ATR=16.03|ADX=22.61|RSI=47.0|MACDH=4.694|BW=0.0000|Accel=-2.1890|GradStab=1.5482|VOL=1|VPM=2.00
2025-11-21 12:20:00,1359,EXIT,SHORT,23956.50,1,VALIDATION_FAILED:FastGrad>=1.2748(need<-0.15)|ATR=14.81|ADX=18.79|RSI=47.8|MACDH=0.897|BW=0.0002|Accel=3.0955|GradStab=1.4125|VOL=1|VPM=2.00
2025-11-21 13:07:00,1453,ENTRY,LONG,24094.00,1,EnterLong_Bar1|ATR=10.46|ADX=18.75|RSI=55.1|MACDH=-2.417|BW=0.0001|Accel=2.0852|GradStab=1.3634|VOL=1|VPM=2.00
2025-11-21 13:17:30,1474,EXIT,LONG,24137.75,1,VALIDATION_FAILED:FastGrad<=-0.2699(need>0.15)|ATR=10.04|ADX=35.94|RSI=60.5|MACDH=-0.902|BW=0.0003|Accel=-1.6370|GradStab=0.7992|VOL=1|VPM=2.00
2025-11-21 13:36:30,1512,ENTRY,SHORT,24092.75,1,EnterShort_Bar1|ATR=9.72|ADX=16.09|RSI=43.4|MACDH=1.192|BW=0.0001|Accel=-0.7798|GradStab=0.8350|VOL=1|VPM=2.00
2025-11-21 13:37:30,1514,EXIT,SHORT,24102.50,1,VALIDATION_FAILED:FastGrad>=0.9983(need<-0.15)|ATR=9.89|ADX=15.33|RSI=52.0|MACDH=1.946|BW=0.0000|Accel=0.7428|GradStab=0.6806|VOL=1|VPM=2.00
2025-11-21 14:08:30,1576,ENTRY,LONG,24047.75,1,EnterLong_Bar1|ATR=13.57|ADX=15.74|RSI=50.6|MACDH=-0.732|BW=0.0000|Accel=2.3791|GradStab=1.7522|VOL=1|VPM=2.00
2025-11-21 14:09:30,1578,EXIT,LONG,24018.25,1,VALIDATION_FAILED:FastGrad<=-3.3350(need>0.15)|ATR=13.81|ADX=16.98|RSI=39.4|MACDH=-3.523|BW=0.0002|Accel=-0.3750|GradStab=1.2519|VOL=1|VPM=2.00
2025-11-21 15:11:00,1701,ENTRY,SHORT,24175.00,1,EnterShort_Bar1|ATR=16.09|ADX=16.55|RSI=45.9|MACDH=1.667|BW=0.0002|Accel=-1.0777|GradStab=1.1501|VOL=1|VPM=2.00
2025-11-21 15:12:00,1703,EXIT,SHORT,24194.00,1,VALIDATION_FAILED:FastGrad>=2.2563(need<-0.15)|ATR=15.70|ADX=14.30|RSI=53.4|MACDH=3.408|BW=0.0000|Accel=1.9228|GradStab=1.1874|VOL=1|VPM=2.00
2025-11-21 21:15:00,2429,ENTRY,LONG,24538.25,1,EnterLong_Bar1|ATR=18.16|ADX=17.45|RSI=55.7|MACDH=-3.598|BW=0.0002|Accel=2.6054|GradStab=1.4640|VOL=1|VPM=2.00
2025-11-21 21:16:00,2431,EXIT,LONG,24522.75,1,VALIDATION_FAILED:FastGrad<=-1.8662(need>0.15)|ATR=17.64|ADX=15.97|RSI=48.5|MACDH=-4.504|BW=0.0000|Accel=-1.2570|GradStab=1.1858|VOL=1|VPM=2.00
